3552 5932
343 849 374 898 VI

345 1028 479 1087 naturae
514 1030 628 1086 auctus
663 1023 716 1099 sit,
754 1029 859 1086 tamen
896 1019 1080 1106 catalogum
1112 1019 1204 1088 modo
1232 1021 1393 1109 pertinere
1416 1021 1455 1088 ad
1479 1019 1617 1109 plantas,-

343 1144 446 1212 cultas
469 1148 501 1211 in
525 1167 562 1214 ea
584 1148 724 1213 sectione
759 1166 841 1233 quae
875 1145 994 1212 dicitur
1029 1144 1185 1213 Hortus
1217 1147 1459 1225 Bolanieus,
1493 1145 1614 1213 scilieet

348 1271 521 1340 ullortus
570 1272 846 1360 Bogoriensis
887 1292 1014 1339 sensu
1055 1271 1316 1339 strietiore'’.
1359 1271 1478 1340 Earum
1506 1280 1613 1340 tamen

343 1397 526 1485 plantarum
550 1397 722 1466 herbaceae
744 1405 895 1485 exceptae
916 1405 1002 1464 sunt.

387 1523 492 1590 Etiam
522 1523 667 1591 exclusae
698 1532 774 1590 sunt
806 1502 1028 1611 Cryptogemoc
1059 1517 1246 1602 Vescularius,
1270 1525 1421 1611 quoniam
1443 1523 1613 1590 eonsilium

343 1657 392 1714 est
415 1669 526 1715 earum
549 1649 824 1716 enumerationem
845 1668 904 1717 suo
927 1658 1071 1736 tempore
1094 1649 1266 1736 separatim
1290 1647 1412 1715 edendi.

387 1775 574 1863 Exemplum
600 1775 776 1843 llassxxnnu
799 1778 832 1840 in
856 1795 893 1841 eo
917 1776 1019 1841 secuti
1041 1793 1152 1842 sumus
1175 1772 1259 1861 quod
1282 1772 1483 1841 litteraturae
1511 1774 1615 1840 citati-

343 1901 457 1966 ottlbns
492 1905 588 1987 atque
623 1898 860 1966 definitionibus
893 1901 1072 1988 specierum
1109 1893 1261 1965 noval-nm
1293 1898 1397 1965 locum
1430 1897 1614 1964 tribuimus.

341 2025 406 2091 lllis
448 2025 531 2092 datis
574 2028 670 2091 etlam
712 2027 891 2113 specierum
923 2031 1099 2114 synonyma
1131 2025 1301 2111 praecipua
1318 2015 1320 2020 ’
1335 2021 1498 2110 adunata
1527 2033 1613 2090 sunt.

342 2149 382 2216 Ut
406 2149 633 2237 praecedentes
656 2153 780 2238 putride
803 2149 943 2238 cujusvis
961 2151 1078 2237 speclei
1099 2150 1293 2217 mentionem
1313 2149 1466 2226 lecimus;
1486 2139 1614 2216 nomina

342 2275 490 2362 indigena
532 2276 765 2354 adnotavimus,
795 2295 876 2364 quae
910 2278 943 2341 in
979 2274 1139 2342 indicibus
1177 2275 1356 2361 specierum
1391 2273 1487 2340 bortl‘
1512 2280 1546 2340 et
1568 2265 1613 2339 ¹tn

344 2403 500 2470 berbarlis
523 2423 557 2470 se
581 2404 671 2469 nobis
694 2402 892 2470 obtulerunt.
1334 2379 1353 2416 ⁵
1400 2405 1434 2415 ''
1522 2407 1525 2414 ’

387 2529 555 2595 Praeterea
591 2530 733 2594 numeris
767 2527 898 2615 adjectis
923 2565 965 2573 -—
989 2526 1125 2614 exempli
1148 2527 1251 2612 gratia
1282 2522 1335 2592 xl.
1349 2527 1385 2591 d.
1399 2528 1442 2592 50
1465 2527 1509 2571 -·-”
1528 2525 1613 2591 loeus

341 2653 434 2722 llortt
458 2656 599 2722 Bataniel
624 2655 842 2733 indicarimus,
865 2656 898 2720 in
922 2654 1039 2740 quibus
1061 2655 1182 2740 speeies
1206 2652 1265 2720 boe
1287 2649 1430 2739 tempure
1452 2653 1611 2720 coluntur.

386 2780 568 2847 Fasciculus
603 2782 726 2867 primus
761 2801 846 2846 nune
882 2783 913 2845 in
948 2779 1051 2846 lueern
1075 2779 1224 2867 prodiens
1248 2776 1453 2865 amplectitur
1475 2776 1612 2863 lemillos

342 2907 452 2973 decem
486 2908 520 2971 in
554 2907 671 2992 quibus
705 2905 988 2973 determinationes
1010 2927 1028 2970 a
1052 2905 1143 2971 nobls
1167 2906 1288 2970 revisae
1312 2913 1400 2971 sunt.
1445 2901 1482 2969 ln
1506 2890 1612 2970 enidro

342 3042 391 3099 est
432 3015 510 3099 euni
550 3033 688 3099 editione
730 3046 863 3119 pergere
904 3035 1001 3119 prout
1036 3033 1151 3098 revisio
1192 3033 1358 3097 numinum
1400 3011 1612 3118 speciminum

342 3158 502 3226 cultorum
525 3157 740 3245 pregreditur.
1295 3159 1297 3167 ’

1267 3279 1295 3347 J.
1318 3279 1354 3348 o.
1380 3259 1557 3347 montes?
1589 3279 1591 3282 ·

321 3418 325 3427 '
387 3409 499 3486 emon,
523 3407 579 3476 llie
601 3392 688 3474 ΧΨ
711 3405 876 3475 Februarii
901 3393 1133 3474 uumexcllt.
1404 3403 1407 3408 '
1547 3401 1549 3406 ’
