3552 5932
571 1441 1032 1556 PRAEFATIO.

701 1730 895 1738 -u—-u—-u

207 1885 375 1974 Gatalogus
409 1886 503 1974 cujus
538 1886 636 1954 editio
667 1886 728 1954 boc
760 1885 910 1954 [asciculo
933 1886 1057 1974 incipit,
1080 1893 1214 1974 quartus
1228 1860 1301 1954 'erit
1323 1905 1434 1954 eorum

162 2015 217 2102 qui
239 2013 315 2080 inde
336 2010 377 2079 ab
400 2011 499 2078 llortu
523 2011 706 2098 Bogoriensi
729 2012 881 2078 instituto
904 2013 938 2077 in
961 2010 1064 2078 lucem
1088 2009 1288 2099 prodierunt.

207 2140 340 2206 Initium
370 2136 447 2206 iecit
477 2135 666 2225 opusculum
688 2157 774 2204 anno
800 2139 884 2205 1825
907 2158 926 2204 s
950 2138 1081 2217 Bruno,
1105 2138 1209 2225 primo
1232 2135 1323 2204 llorti
1348 2155 1435 2224 prae·

163 2265 258 2347 lecto,
289 2265 411 2334 editum
442 2264 502 2330 sub
533 2261 645 2330 titulo:
679 2261 842 2352 Gctalcpcu
871 2285 929 2328 von
961 2263 1062 2352 arripe
1091 2263 1145 2328 der
1166 2261 1436 2351 metuero-'pue

163 2411 220 2458 sco
248 2391 292 2456 cb·
314 2389 362 2457 olo
382 2386 582 2456 adbeuusclte
605 2388 952 2476 penatespenates
975 2389 1007 2454 in
1031 2387 1170 2454 ’clouds
1192 2385 1385 2454 Plontentoio
1408 2398 1437 2454 te

163 2515 358 2604 Boitessorp,
388 2513 573 2604 opponeret
598 2513 673 2582 door
697 2512 727 2580 G.
752 2513 785 2580 L.
811 2513 923 2593 Bnuus,
946 2511 989 2580 ll.
1014 2513 1052 2581 D.
1074 2512 1232 2580 Ilr'recleur
1254 2533 1314 2578 vae
1335 2531 1437 2580 vcors.

170 2640 255 2708 Tuin.
303 2639 453 2708 Continet
491 2639 767 2706 enumerationem
802 2640 992 2726 specierum,
1027 2637 1144 2706 additis
1166 2636 1436 2724 descriptionibus

164 2784 318 2853 generum
340 2773 374 2832 ct
396 2766 576 2853 specierum
599 2783 765 2832 novarum.
865 2780 867 2786 ·

197 2871 362 2978 ¹Sequitur
391 2887 561 2977 Catalogus
590 2907 686 2976 quem
715 2887 740 2956 1.
771 2889 807 2955 ll.
839 2888 996 2956 llrssmnu
1023 2889 1202 2976 composuit
1228 2891 1315 2955 inter
1336 2906 1437 2956 annos

168 3020 251 3085 1837
286 3025 320 3082 et
358 3018 443 3082 1842
477 3023 512 3082 et
545 3015 601 3101 qui
634 3033 716 3082 anno
742 3017 839 3093 1844,
870 3034 971 3102 quum
993 3021 1107 3081 auctor
1128 3013 1195 3102 jam
1220 3014 1252 3080 in
1276 3011 1436 3100 lluropem
1510 3005 1513 3012 ’

15 3207 17 3210 ,
165 3140 315 3219 redierat,
352 3142 499 3208 Batarim
531 3140 706 3228 impressus
736 3139 807 3207 iuit.
860 3140 895 3219 ln
939 3138 993 3207 illo
1035 3139 1219 3212 norrniuibus
1258 3140 1438 3227 specierum

165 3268 334 3334 citationes
353 3265 558 3333 litteraturae
578 3263 720 3351 adjectae
744 3271 776 3331 et
795 3265 918 3353 species
929 3283 1028 3332 nome
1040 3261 1276 3331 definitionibus
1288 3261 1437 3331 brevibus

166 3389 342 3458 illustratae
364 3397 466 3458 crant.
520 3389 622 3478 liujus
659 3389 772 3458 titulus
803 3389 865 3458 iuit
897 3389 1060 3478 Catolopoc
1083 3387 1266 3456 Plcotomm
1287 3391 1320 3455 io
1341 3388 1439 3456 floro

167 3515 311 3584 domnico
342 3515 517 3602 Boporiesct'
550 3515 704 3582 cultorum
738 3515 827 3596 otte,
861 3525 982 3582 umore
1014 3514 1038 3582 l.
1074 3516 1111 3582 ll.
1146 3515 1314 3596 Hassmuu,
1349 3513 1437 3583 Hert.

164 3641 275 3731 Bepor.
297 3639 418 3708 Hmol.
440 3641 624 3708 madoco.

210 3768 356 3836 Tertium
398 3787 483 3836 anno
528 3771 612 3835 1866
656 3768 690 3833 in
733 3767 837 3836 lucem
878 3769 1037 3834 miserunt
1074 3766 1102 3834 J.
1136 3765 1172 3833 u.
1207 3765 1370 3834 rernm
1404 3775 1439 3835 et

165 3894 197 3962 S.
232 3895 422 3973 emenus,
456 3913 493 3962 eo
529 3901 674 3981 tempore
709 3892 876 3960 llcrtulani
912 3895 1037 3981 primus
1070 3901 1103 3960 et
1137 3892 1305 3960 secundus.
1351 3889 1439 3981 Opus

166 4021 358 4108 inscriptum
394 4017 557 4107 conopes
590 4017 773 4085 Flauiorum
805 4039 885 4106 quoe
915 4019 947 4083 io
980 4016 1078 4085 flore
1100 4017 1243 4084 Botooico
1266 4017 1440 4106 Boporu‘enss'

166 4144 314 4225 soluetur,
355 4146 630 4212 enumerationem
672 4143 766 4211 modo
806 4145 986 4232 specierum
1027 4146 1181 4223 continet,
1222 4164 1281 4212 nee
1321 4144 1439 4211 additis

165 4269 369 4339 litteraturae
391 4268 596 4338 citationibus
620 4287 678 4337 nec
700 4269 880 4357 specierum
903 4289 1060 4338 novarum
1083 4267 1321 4338 definitionibus
1343 4267 1396 4358 (l.

212 4394 260 4461 dd
294 4394 466 4462 editionem
501 4395 584 4462 banc
607 4415 720 4462 novam
745 4394 837 4461 nobis
859 4393 985 4462 videtur
1008 4395 1203 4462 monendum
1226 4413 1306 4473 esse,
1329 4413 1439 4481 quam·

168 4539 263 4608 quam
293 4518 452 4587 Hortus
490 4521 766 4607 Begoriensis
796 4515 948 4607 (ecam
978 4518 1169 4586 Plootentoio
1190 4529 1219 4586 te
1241 4517 1437 4607 Buiteosorp)

168 4644 262 4713 bodie
291 4665 485 4733 magnopore
515 4647 689 4712 accreverit
716 4662 775 4712 nec
805 4665 869 4712 non
900 4646 1093 4713 sectionibus
1123 4643 1270 4733 pluribus
1293 4645 1437 4712 diversae

205 4819 239 4897 (¹)
273 4822 345 4880 luter
371 4821 442 4880 banc
468 4832 496 4881 et
522 4823 724 4898 praecedentem
752 4824 882 4897 impressa
908 4822 959 4880 luit
986 4831 1122 4896 praeterea
1146 4822 1227 4880 editio
1250 4823 1343 4879 eudem
1361 4823 1440 4880 modo

166 4912 311 4986 composita
338 4929 391 4986 quo
417 4911 559 4987 Gatalcgns
587 4911 731 4970 llasslarlii
758 4911 804 4970 sed
831 4910 908 4969 valde
933 4919 1011 4968 aucta
1028 4919 1056 4968 et
1073 4909 1273 4968 definitionibus
1290 4911 1438 4984 specierum

168 5017 299 5060 novarum
334 5000 452 5074 adjectis.
497 5001 575 5059 lllam
601 5010 691 5059 tamen
718 5009 841 5058 auctores
867 4999 1018 5075 lep-ann
1045 5007 1073 5056 et
1101 4998 1257 5074 Binnendljl
1291 5016 1439 5074 numquam
1519 5049 1528 5068 ,

167 5089 370 5149 distribuerunt
406 5091 493 5148 Pauca
511 5098 616 5153 tantum
633 5090 793 5173 exemplaria
810 5089 838 5152 in
857 5088 1018 5156 bibliothece
1038 5088 1114 5156 llorti
1132 5090 1301 5164 boporicnsis
1325 5096 1439 5166 mnata,

167 5190 257 5247 celest
274 5179 360 5246 deletu
378 5189 451 5246 sunt.
